@inproceedings{clematide2010germanlex,
  title={Evaluation and extension of a polarity lexicon for {G}erman},
  author={Clematide, Simon and Klenner, Manfred},
  booktitle={Proceedings of the First Workshop on Computational Approaches to Subjectivity and Sentiment Analysis},
  pages={7},
  year={2010}
}

@inproceedings{waltinger2010polclues,
  title={German{P}olarity{C}lues: A Lexical Resource for {G}erman Sentiment Analysis},
  author={Waltinger, Ulli},
  booktitle={Proceedings of the 7th International Language Resources and Evaluation Conference (LREC 2010)},
  year={2010}
} % http://www.ulliwaltinger.de/sentiment/

@inproceedings{remus2010sentiws,
  title={Senti{WS} -- A Publicly Available {G}erman-language Resource for Sentiment Analysis},
  author={Remus, Robert and Quasthoff, Uwe and Heyer, Gerhard},
  booktitle={Proceedings of the 7th International Language Resources and Evaluation Conference (LREC 2010)},
  year={2010}
} % http://asv.informatik.uni-leipzig.de/download/sentiws.html

@inproceedings{waltinger2010reload,
  author={Ulli Waltinger},
  title={Sentiment Analysis Reloaded - A Comparative Study on Sentiment Polarity Identification Combining Machine Learning and Subjectivity Features},
  booktitle={Proceedings of the 6th International Conferenceon Web Information Systems and Technologies (WEBIST 2010)},
  publisher={INSTICC Press},
  year={2010},
} % http://www.ulliwaltinger.de/sentiment-analysis-reloaded-a-comparative-study-on-sentiment-polarity-identification-combining-machine-learning-and-subjectivity-features/

@inproceedings{takamura2005sentispin,
  title={Extracting semantic orientations of words using spin model},
  author={Takamura, Hiroya and Inui, Takashi and Okumura, Manabu},
  booktitle={Proceedings of the 43rd Annual Meeting of the Association for Computational Linguistics},
  year={2005},
  organization={Association for Computational Linguistics}
}

@inproceedings{wilson2005subjclues,
  title={Recognizing contextual polarity in phrase-level sentiment analysis},
  author={Wilson, Theresa and Wiebe, Janyce and Hoffmann, Paul},
  booktitle={Proceedings of the conference on human language technology and empirical methods in natural language processing},
  pages={347--354},
  year={2005},
  organization={Association for Computational Linguistics}
}

@article{stone1966inquirer,
  title={The General Inquirer: A Computer Approach to Content Analysis},
  author={Stone, Philip J and Dunphy, Dexter C and Smith, Marshall S},
  year={1966},
  publisher={MIT press}
}

@article{schafer2002missing,
  title={Missing data: our view of the state of the art},
  author={Schafer, Joseph L and Graham, John W},
  journal={Psychological methods},
  volume={7},
  number={2},
  pages={147},
  year={2002},
  publisher={American Psychological Association}
}

@phdthesis{wiegand2011phd,
  title={Hybrid approaches for sentiment analysis},
  author={Wiegand, Michael},
  school={Universit{\"a}t des Saarlandes},
  year={2011},
  type={Ph{D} dissertation}
}

@inproceedings{clematide2012mlsa,
  title={{MLSA} -- A Multi-layered Reference Corpus for {G}erman Sentiment Analysis},
  author={Clematide, Simon and Gindl, Stefan and Klenner, Manfred and Petrakis, Stefanos and Remus, Robert and Ruppenhofer, Josef and Waltinger, Ulli and Wiegand, Michael},
  isbn={978-2-9517408-7-7},
  pages={3551--3556},
  year={2012},
  publisher={European Language Resources Association (ELRA)},
}

@inproceedings{hamp1997germanet,
  title={Germa{N}et -- a lexical-semantic net for {G}erman},
  author={Hamp, Birgit and Feldweg, Helmut},
  booktitle={Proceedings of the ACL workshop Automatic Information Extraction and Building of Lexical Semantic Resources for {NLP} Applications},
  pages={9--15},
  year={1997},
  organization={Association for Computational Linguistics}
}

@inproceedings{declerck2014trendminer,
  title={{TMO} -- The Federated Ontology of the {T}rend{M}iner Project},
  author={Declerck, Thierry and Krieger, Hans-Ulrich},
  booktitle={Proceedings of the 9th International Language Resources and Evaluation Conference (LREC 2014)},
  year={2014}
}

@article{raykar2010crowds,
  title={Learning from crowds},
  author={Raykar, Vikas C and Yu, Shipeng and Zhao, Linda H and Valadez, Gerardo Hermosillo and Florin, Charles and Bogoni, Luca and Moy, Linda},
  journal={The Journal of Machine Learning Research},
  volume={11},
  pages={1297--1322},
  year={2010},
  publisher={jmlr.org}
}

@inproceedings{buitelaar2013linked,
  title={Linguistic Linked Data for Sentiment Analysis},
  author={Buitelaar, Paul and Arcan, Mihael and Iglesias, Carlos A and S{\'a}nchez-Rada, J Fernando and Strapparava, Carlo},
  booktitle={Proceedings of the 2nd Workshop on Linked Data in Linguistics},
  year={2013}
}

@inproceedings{mccraeJ2011lemon,
  title={Linking lexical resources and ontologies on the semantic web with lemon},
  author={John McCrae and Dennis Spohr and Phillip Cimiano},
  booktitle={Proceedings of the 8th Extended Semantic Web Conference},
  year ={2011}
}

@inproceedings{westerski2011marl,
  title={Linked Opinions: Describing Sentiments on the Structured Web of Data},
  author={Westerski, Adam and Carlos A. Iglesias and Fernando Tapia},
  booktitle={Proceedings of the 4th International Workshop Social Data on the Web},
  year={2011}
}

@article{pang2008sentiment,
  title={Opinion mining and sentiment analysis},
  author={Pang, Bo and Lee, Lillian},
  journal={Foundations and trends in information retrieval},
  year={2008}
}

@article{eckle2013cookbook,
  title={The Practitioner's Cookbook for Linked Lexical Resources},
  author={Judith Eckle-Kohler and Iryna Gurevych},
  year={2013},
  publisher={Technische Universit{\"a}t Darmstadt}
}